@inproceedings{bruch2009learning,
  title={Learning from examples to improve code completion systems},
  author={Bruch, Marcel and Monperrus, Martin and Mezini, Mira},
  booktitle={Proceedings of the the 7th joint meeting of the European software engineering conference and the ACM SIGSOFT symposium on The foundations of software engineering},
  pages={213--222},
  year={2009},
  organization={ACM}
}

@article{murphy2006java,
  title={How are Java software developers using the Elipse IDE?},
  author={Murphy, Gail C and Kersten, Mik and Findlater, Leah},
  journal={IEEE software},
  volume={23},
  number={4},
  pages={76--83},
  year={2006},
  publisher={IEEE}
}